@inproceedings{renner2005simple,
  title={Simple and tight bounds for information reconciliation and privacy amplification},
  author={Renner, Renato and Wolf, Stefan},
  booktitle={International conference on the theory and application of cryptology and information security},
  pages={199--216},
  year={2005},
  organization={Springer}
}


@book{ash2012information,
  title={Information theory},
  author={Ash, Robert B},
  year={2012},
  publisher={Courier Corporation}
}


@misc{venkatLecture,
        Author = {Guruswami, Venkatesan},
        Howpublished = {University Lecture},
        Institution = {Carnegie Mellon University},
        Title = {Introduction to Coding Theory - Lecture 2: {G}ilbert-{V}arshamov bound},
        Year = {2010}}


@article{fuller2020fuzzy,
  title={When are fuzzy extractors possible?},
  author={Fuller, Benjamin and Reyzin, Leonid and Smith, Adam},
  journal={IEEE Transactions on Information Theory},
  volume={66},
  number={8},
  pages={5282--5298},
  year={2020},
  publisher={IEEE}
}


@article{dodis2008fuzzy,
  title={Fuzzy extractors: How to generate strong keys from biometrics and other noisy data},
  author={Dodis, Yevgeniy and Ostrovsky, Rafail and Reyzin, Leonid and Smith, Adam},
  journal={SIAM journal on computing},
  volume={38},
  number={1},
  pages={97--139},
  year={2008},
  publisher={SIAM}
}

@inproceedings{fuller2016fuzzy,
  title={When are fuzzy extractors possible?},
  author={Fuller, Benjamin and Reyzin, Leonid and Smith, Adam},
  booktitle={International Conference on the Theory and Application of Cryptology and Information Security},
  pages={277--306},
  year={2016},
  organization={Springer}
}

@inproceedings{fuller2019continuous,
  title={Continuous-source fuzzy extractors: source uncertainty and insecurity},
  author={Fuller, Benjamin and Peng, Lowen},
  booktitle={2019 IEEE International Symposium on Information Theory (ISIT)},
  pages={2952--2956},
  year={2019},
  organization={IEEE}
}